@BOOK{std:ansi378-2004,
	TITLE = "ANSI INCITS 378-2004: Finger Minutiae Format for Data Interchange",
	PUBLISHER = "ANSI/INCITS",
	YEAR = "2004",
}

@BOOK{std:ansi381-2004,
	TITLE = "ANSI INCITS 381-2004: Finger Image-Based Data Interchange Format",
	PUBLISHER = "ANSI/INCITS",
	YEAR = "2004",
}

@BOOK{std:ansi385-2004,
	TITLE = "ANSI INCITS 385-2004: Face Recognition Format for Data Interchange",
	PUBLISHER = "ANSI/INCITS",
	YEAR = "2004",
}

@BOOK{std:iso19794-2,
	TITLE = "ISO/IEC 19794-2: Information technology - Biometric data interchange formats - Part 2: Finger minutiae data",
	PUBLISHER = "ISO/IEC",
	YEAR = "2005",
	EDITION = "first",
}

@BOOK{std:iso19794-4,
	TITLE = "ISO/IEC 19794-2: Information technology - Biometric data interchange formats - Part 4: Finger image data",
	PUBLISHER = "ISO/IEC",
	YEAR = "2005",
	EDITION = "first",
}

@BOOK{std:iso19794-5,
	TITLE = "ISO/IEC 19794-2: Information technology - Biometric data interchange formats - Part 5: Face image data",
	PUBLISHER = "ISO/IEC",
	YEAR = "2005",
	EDITION = "first",
}

@BOOK{std:an2k,
	TITLE = "American National Standard for Information Systems - Data Format for the Interchange of Fingerprint, Facial, \& Other Biometric Information",
	PUBLISHER = "ANSI/NIST-ITL",
	YEAR = "2007",
	EDITION = "1-2007",
	NOTE = "NIST Special Publication 500-271",
}

@BOOK{std:an2k11,
	TITLE = "American National Standard for Information Systems - Data Format for the Interchange of Fingerprint, Facial, \& Other Biometric Information",
	PUBLISHER = "ANSI/NIST-ITL",
	YEAR = "2011",
	EDITION = "1-2011",
	NOTE = "NIST Special Publication 500-290",
}

@MISC{nist:minex,
	KEY = "MINEX",
	TITLE = "{Minutiae} {INteroperability} {EXchange}",
	NOTE = "\url{https://www.nist.gov/programs-projects/minutiae-interoperability-exchange-minex-overview}",
}

@MISC{org:incits,
	KEY = "INCITS",
	TITLE = "{International} {Committee} {for} {Information} {Technology} {Standards}",
	NOTE = "\url{http://www.incits.org}",
}

@MISC{org:iso:sc37,
	KEY = "ISO JTC 1/SC 37",
	TITLE = "{ISO/IEC} {Joint} {Technical} {Committee} {1/SC} {37} {Biometrics}"
}

@MISC{org:nist:imagegroup,
	KEY = "NISTIG",
	TITLE = "{NIST} {Image} {Group}",
	NOTE = "\url{http://www.nist.gov/itl/iad/ig}",
}

@MISC{org:cmake,
	KEY = "CMAKE",
	TITLE = "{CMake}",
	NOTE = "\url{https://cmake.org}",
}

@MISC{nist:biometricevals,
	KEY = "BIOMEVALS",
	TITLE = "{Biometric} {Evaluations} {Homepage}",
	NOTE = "\url{https://www.nist.gov/itl/iad/ig/resources/biometrics-evaluations}",
}

@MISC{nist:fpvte,
	KEY = "FpVTE",
	TITLE = "{Fingerprint} {Vendor} {Technology} {Evaluation}",
	NOTE = "\url{https://www.nist.gov/programs-projects/fingerprint-vendor-technology-evaluation-fpvte}",
}

@MISC{nist:fpvte2003,
	KEY = "FpVTE2003",
	TITLE = "{Fingerprint} {Vendor} {Technology} {Evaluation} {2003}",
	NOTE = "\url{https://www.nist.gov/itl/iad/image-group/fingerprint-vendor-technology-evaluation-fpvte-2003}",
}

@MISC{nist:fpvte2012,
	KEY = "FPVTE2012",
	TITLE = "{Fingerprint} {Vendor} {Technology} {Evaluation} {2012}",
	NOTE = "\url{https://www.nist.gov/itl/iad/image-group/fpvte-2012}",
}

@MISC{nist:pftii,
	KEY = "PFT",
	TITLE = "{Proprietary} {Fingerprint} {Template} {Evaluation}",
	NOTE = "\url{https://www.nist.gov/programs-projects/proprietary-fingerprint-template-evaluations-pft-overview}",
}

@MISC{nist:face,
	KEY = "FRVT",
	TITLE = "{Facial} {Recognition} {Vendor} {Technology}",
	NOTE = "\url{https://www.nist.gov/programs-projects/face-projects}",
}

@MISC{nist:iris,
	KEY = "IREX",
	TITLE = "{IRis} {EXchange}",
	NOTE = "\url{https://www.nist.gov/programs-projects/iris-projects}",
}

@MISC{nist:piv,
	KEY = "PIV",
	TITLE = "{Personal} {Identity} {Verification}",
	NOTE = "\url{http://csrc.nist.gov/groups/SNS/piv/index.html}",
}

@BOOK{nist:irexiii,
	KEY = "IREXIII",
	AUTHOR = "Patrick Grother et al.",
	TITLE = "NIST IR 7836: IREX III: Performance of Iris Identification Algorithms",
	NOTE = "\url{https://www.nist.gov/itl/iad/image-group/irex-iii-homepage}",
}

@BOOK{nist:frvt2006,
	KEY = "FRVT2006",
	TITLE = "{FRVT} {2006} {and} {ICE} {2006} {Large-Scale} {Results}",
	NOTE = "\url{https://www.nist.gov/node/605206}",
	YEAR = "2007"
}

@MISC{nist:nbis,
	KEY = "NBIS",
	TITLE = "{NIST} {Biometric} {Image} {Software}",
	NOTE = "\url{https://www.nist.gov/services-resources/software/nist-biometric-image-software-nbis}",
	YEAR = "2011"
}

@MISC{nist:nfiq2,
	KEY = "NFIQ2",
	TITLE = "{NIST} {Fingerprint} {Image} {Quality} {2.0}",
	NOTE = "\url{https://www.nist.gov/services-resources/software/development-nfiq-20}",
	YEAR = "2011"
}

@MISC{nist:biomdi,
	KEY = "BIOMDI",
	TITLE = "{NIST} {Biometric} {Data} {Interchange} {Software}",
	NOTE = "\url{https://www.nist.gov/services-resources/software/biomdi-software-tools-supporting-standard-biometric-data-interchange}",
	YEAR = "2010"
}

@MISC{nist:biomapp,
	KEY = "BIOMAPP",
	TITLE = "{NIST} {Biometric} {Application} {Software}",
	NOTE = "\url{https://www.nist.gov/services-resources/software/biomapp-nist-biometric-data-interchange-format-software-tools}",
	YEAR = "2010"
}

@MISC{std:wsq,
	KEY = "WSQ",
	TITLE = "{Wavelet} {Scalar} {Quantization} {Gray-Scale} {Fingerprint} {Image} {Compression} {Standard}",
	NOTE = "\url{https://www.fbibiospecs.cjis.gov/Document/Get?fileName=WSQ_Gray-scale_Specification_Version_3_1_Final.pdf}",
	YEAR = "2010"
}

