@BOOK{cpp:plguide,
	AUTHOR = "Bjarne Stroustrup",
	TITLE = "The C++ Programming Language",
	PUBLISHER = "Addison Wesley",
	YEAR = "2000",
	EDITION = "Special",
}

@BOOK{std:iso7816-4,
        TITLE = "ISO/IEC 7816-4: Identification cards - Integrated circuit cards - Part 4: Organization, security and commands for interchange",
        PUBLISHER = "ISO/IEC",
        YEAR = "2005",
        EDITION = "second",
}

@MISC{jpeg,
	KEY = "JPEG",
	TITLE = "{JPEG} {Image} {Standard}",
	AUTHOR = "{Joint} {Photographic} {Experts} {Group}",
	NOTE = "\url{http://www.jpeg.org/jpeg/index.html}",
	YEAR = "2011"
}

@MISC{libjpeg,
	KEY = "LIBJPEG",
	TITLE = "{libjpeg}",
	AUTHOR = "{Independent} {JPEG} {Group}",
	NOTE = "\url{http://www.ijg.org/}",
	YEAR = "2011"
}

@MISC{libopenjpeg,
	KEY = "LIBOPENJPEG",
	TITLE = "{OpenJPEG} {Library}",
	AUTHOR = "{Communications} {and} {Remote} {Sensing} {Lab,} {Universit\'{e}} {catholique} {de} {Louvain}",
	NOTE = "\url{http://www.openjpeg.org/}",
	YEAR = "2011"
}

@MISC{jpeg2000,
	KEY = "JPEG2000",
	TITLE = "{JPEG2000} {Image} {Standard}",
	AUTHOR = "{Joint} {Photographic} {Experts} {Group}",
	NOTE = "\url{http://www.jpeg.org/jpeg2000/index.html}",
	YEAR = "1992"
}

@MISC{png,
	KEY = "PNG",
	TITLE = "{Portable} {Network} {Graphics} {Standard}",
	AUTHOR = "{World} {Wide} {Web} {Consortium}",
	NOTE = "\url{http://www.w3.org/TR/PNG/}",
	YEAR = "2003"
}

@MISC{bmp,
	KEY = "BMP",
	TITLE = "{Bitmap} {Image} {File} {Format}",
	AUTHOR = "Microsoft",
	NOTE = "\url{https://en.wikipedia.org/wiki/BMP_file_format}",
}

@MISC{libpng,
	KEY = "LIBPNG",
	TITLE = "{libpng}",
	AUTHOR = "{Greg} {Roelofs}",
	NOTE = "\url{http://www.libpng.org/pub/png/libpng.html}",
	YEAR = "2011"
}

@MISC{libtiff,
	KEY = "LIBTIFF",
	TITLE = {{LibTIFF -- TIFF Library and Utilities}},
	AUTHOR = {{Sam Leffler}},
	NOTE = {\url{http://www.simplesystems.org/libtiff/}},
	MONTH = {May},
	YEAR = {2017},
}

@MISC{zlib,
	KEY = "ZLIB",
	TITLE = "zlib",
	AUTHOR = "{Mark} {Adler}",
	NOTE = "\url{http://www.zlib.net}",
	YEAR = "2012"
}
	
@MISC{libffmpeg,
	KEY = "FFmpeg",
	TITLE = "{FFmpeg} {Multimedia} {Framework}",
	NOTE = "\url{http://www.ffmpeg.org}"
}

@MISC{mpi,
	KEY = "MPI",
	TITLE = "{Message} {Passing} {Interface} {Forum}",
	NOTE = "\url{http://www.mpi-forum.org}",
}

@MISC{openmpi,
	KEY = "OpenMPI",
	TITLE = "{The} {Open} {MPI} {Project}",
	NOTE = "\url{http://www.openmpi.org}",
}

@MISC{rfc5425,
	KEY = "The Syslog Protocol",
	TITLE = "{The} {Syslog} {Protocol}",
	NOTE = "\url{http://tools.ietf.org/html/rfc5424}",
}

@MISC{gnumake,
	KEY = "GNU Make",
	TITLE = "{GNU} {Make} {Project}",
	NOTE = "\url{http://www.gnu.org/software/make}",
}

@MISC{openssl,
	KEY = "OpenSSL",
	TITLE = "{The} {OpenSSL} {Project}",
	NOTE = "\url{http://www.openssl.org}",
}

@MISC{sqlite,
	KEY = "SQLite",
	TITLE = "{The} {SQLite} {Project}",
	NOTE = "\url{https://sqlite.org}",
}

@MISC{berkeleydb,
	KEY = "BerkeleyDB",
	TITLE = "{Berkeley} {DB}",
	NOTE = "\url{https://sqlite.org}",
}

